% This file was created with JabRef 2.9.2.
% Encoding: Cp1250

@BOOK{Krzyzanowski207,
  title = {Uk\l{}ady mikroprocesorowe},
  publisher = {Wydawnictwo Naukowe PWN},
  year = {2007},
  author = {Ryszard Krzy\.zanowski},
  address = {Warszawa}
}

@BOOK{Gawedzki2010,
  title = {Pomiary elektryczne wielko\'sci nieelektrycznych},
  publisher = {Wydawnictwa AGH},
  year = {2010},
  author = {Wac\l{}aw Gaw\k{e}dzki},
  address = {Krak\'ow}
}

@BOOK{Paprocki2009,
  title = {Mikrokontrolery STM32 w praktyce},
  publisher = {Wydawnictwo BTC},
  year = {2009},
  author = {Krzysztof Paprocki},
  address = {Legionowo}
}

@ARTICLE{Zbysinski_EP_2008_2009,
	author = {Piotr Zbysi\'nski},
	title = {{\.Z}arty si\k{e} ko\'ncz\k{a}. {N}owe mikrokontrolery z rdzeniem {C}ortex {M}3 w ofercie {NXP} {S}emiconductor},
	journal = {Elektronika Praktyczna},
	month = {wrzesie\'n},
	year = {2008}
}

@MISC{spi_pol_ph,
  note = {\url{http://en.wikipedia.org/wiki/File:SPI_timing_diagram2.svg}},
}

@MISC{spi_independent_slaves,
  note = {\url{http://en.wikipedia.org/wiki/File:SPI_three_slaves.svg}},
}

@MISC{spi_daisy_chain,
  note = {\url{http://en.wikipedia.org/wiki/File:SPI_three_slaves_daisy_chained.svg}},
}

@MISC{bit_band_arm_www,
  note = {\url{http://infocenter.arm.com/help/index.jsp?topic=/com.arm.doc.ddi0337h/Behcjiic.html}},
}

@MISC{zyro_wiki,
  note = {\url{http://pl.wikipedia.org/wiki/Plik:Gyroscope_operation.gif}},
}

@MISC{zyro_am_gdynia,
  note = {\url{http://kepler.am.gdynia.pl/~karudz/zyroskop.pdf}},
}

@MISC{elektronikab2b,
  note = {\url{http://elektronikab2b.pl/technika/12098-zyroskopy-i-akcelerometry-mems-w-elektronice-uzytkowej#.UuDzRhCta02}},
}

@MISC{elektronikab2b,
  note = {\url{http://pl.wikipedia.org/wiki/Plik:Gyroscope_hg.jpg}},
}
